@inproceedings{Papadimitriou:1988,
  author = {Papadimitriou, Christos and Yannakakis, Mihalis},
  title = {Optimization, approximation, and complexity classes},
  booktitle = {Proceedings of the twentieth annual ACM symposium on Theory of computing},
  series = {STOC '88},
  year = {1988},
  isbn = {0-89791-264-0},
  location = {Chicago, Illinois, USA},
  pages = {229--234},
  numpages = {6},
  url = {http://doi.acm.org/10.1145/62212.62233},
  doi = {10.1145/62212.62233},
  acmid = {62233},
  publisher = {ACM},
  address = {New York, NY, USA},
}

@book{Garey:1979,
  author = {Garey, Michael R. and Johnson, David S.},
  title = {Computers and Intractability: A Guide to the Theory of NP-Completeness},
  year = {1979},
  isbn = {0716710447},
  publisher = {W. H. Freeman \& Co.},
  address = {New York, NY, USA},
}

@ARTICLE{bbdh03,
  author = "C. Boutilier and R. Brafman and C. Domshlak and H. Hoos and
  D. Poole",
  title = "C{P}-nets: A Tool for Representing and Reasoning with
           Conditional Ceteris Paribus Preference Statements",
  journal = "Journal of Artificial Intelligence Research",
  volume = 21,
  pages = "135--191 ",
  year = "2004",
  }

@inproceedings{booth:learningLP,
  author    = {Richard Booth and
               Yann Chevaleyre and
               J{\'e}r{\^o}me Lang and
               J{\'e}r{\^o}me Mengin and
               Chattrakul Sombattheera},
  title     = {Learning conditionally lexicographic preference relations},
  booktitle = {ECAI},
  year      = {2010},
  pages     = {269-274},
  ee        = {http://www.booksonline.iospress.nl/Content/View.aspx?piid=17755},
  bibsource = {DBLP, http://dblp.uni-trier.de}
}

@inproceedings{lang:aggLP,
  author    = {J{\'e}r{\^o}me Lang and
               J{\'e}r{\^o}me Mengin and
               Lirong Xia},
  title     = {Aggregating Conditionally Lexicographic Preferences on Multi-issue
               Domains},
  booktitle = {CP},
  year      = {2012},
  pages     = {973-987},
  ee        = {http://dx.doi.org/10.1007/978-3-642-33558-7_69},
  bibsource = {DBLP, http://dblp.uni-trier.de}
}

@article{Ostrowski:clingcon,
  author    = {Max Ostrowski and
               Torsten Schaub},
  title     = {A{SP} modulo {CSP}: The clingcon system},
  journal   = {TPLP},
  volume    = {12},
  number    = {4-5},
  year      = {2012},
  pages     = {485-503},
  ee        = {http://journals.cambridge.org/action/displayAbstract?aid=8688158},
  bibsource = {DBLP, http://dblp.uni-trier.de}
}

@inproceedings{Brewka:ASO,
  author    = {Gerhard Brewka and
               Ilkka Niemel{\"a} and
               Miroslaw Truszczynski},
  title     = {Answer Set Optimization},
  booktitle = {IJCAI},
  year      = {2003},
  pages     = {867-872},
  bibsource = {DBLP, http://dblp.uni-trier.de}
}

@inproceedings{Brewka:PCS,
  author    = {Gerhard Brewka and
               Ilkka Niemel{\"a} and
               Miroslaw Truszczynski},
  title     = {Prioritized Component Systems},
  booktitle = {AAAI},
  year      = {2005},
  pages     = {596-601},
  ee        = {http://www.aaai.org/Library/AAAI/2005/aaai05-093.php},
  bibsource = {DBLP, http://dblp.uni-trier.de}
}

@book{Kaci:Pref,
  author    = {Souhila Kaci},
  title     = {Working with Preferences: Less Is More},
  publisher = {Springer},
  series    = {Cognitive Technologies},
  year      = {2011},
  isbn      = {978-3-642-17279-3},
  pages     = {11-193},
  ee        = {http://dx.doi.org/10.1007/978-3-642-17280-9},
  bibsource = {DBLP, http://dblp.uni-trier.de}
}

@inproceedings{fargier:ibi,
  author    = {H{\'e}l{\`e}ne Fargier and
               Vincent Conitzer and
               J{\'e}r{\^o}me Lang and 
               J{\'e}r{\^o}me Mengin and
               Nicolas Schmidt},
  title     = {Issue-by-issue voting: an experimental evaluation},
  booktitle = {MPREF},
  year      = {2012}
}

@Article{Gebser:clingo,
  author =	 "M. Gebser and R. Kaminski and B. Kaufmann and M. Ostrowski
                  and T. Schaub and M. Schneider",
  title =	 "Potassco: The {P}otsdam Answer Set Solving Collection",
  journal =	 "AI Communications",
  year =	 2011,
  volume =	 24,
  number =	 2,
  pages =	 "105-124"
}

@article{Kohli:2maxsat,
  author    = {Rajeev Kohli and
               Ramesh Krishnamurti and
               Prakash Mirchandani},
  title     = {The Minimum Satisfiability Problem},
  journal   = {SIAM J. Discrete Math.},
  volume    = {7},
  number    = {2},
  year      = {1994},
  pages     = {275-283},
  ee        = {http://dx.doi.org/10.1137/S0895480191220836},
  bibsource = {DBLP, http://dblp.uni-trier.de}
}

@Misc{Schulte:gecode,
  Author =    "Christian Schulte and Guido Tack and Mikael Z. Lagerkvist",
  Title =     "Modeling and Programming with Gecode",
  Year =      2010,
  URL =       "http://www.gecode.org/doc-latest/MPG.pdf"
}

@article{Krentel:88,
  author    = {Mark W. Krentel},
  title     = {The Complexity of Optimization Problems},
  journal   = {J. Comput. Syst. Sci.},
  volume    = {36},
  number    = {3},
  year      = {1988},
  pages     = {490-509},
  ee        = {http://dx.doi.org/10.1016/0022-0000(88)90039-6},
  bibsource = {DBLP, http://dblp.uni-trier.de}
}

@INCOLLECTION{mt99:stable,
  AUTHOR    = {V.W. Marek and M. Truszczynski},
  TITLE     = {Stable models and an alternative logic programming paradigm},
  BOOKTITLE = {The Logic Programming Paradigm: a 25-Year Perspective},
  EDITOR    = {K.R. Apt and V.W. Marek and M. Truszczynski and D.S. Warren},
  PUBLISHER = {Springer},
  address   = {Berlin},
  YEAR      = {1999},
  PAGES     = {375--398}
}

@inproceedings{DuboisLP91,
  author    = {Didier Dubois and
               J{\'e}r{\^o}me Lang and
               Henri Prade},
  title     = {A Brief Overview of Possibilistic Logic},
  booktitle = {ECSQARU},
  year      = {1991},
  pages     = {53-57}
}

@inproceedings{LiuT,
  author = {Xudong Liu and Miroslaw Truszczynski},
  booktitle = {ADT},
  pages = {244-258},
  title = {Aggregating Conditionally Lexicographic Preferences Using Answer Set Programming Solvers},
  year = 2013
}

@article{fraser1994,
  title={Ordinal preference representations},
  author={Fraser, Niall M},
  journal={Theory and Decision},
  volume={36},
  number={1},
  pages={45--67},
  year={1994},
  publisher={Springer}
}

@inproceedings{fraser1993,
  title={Applications of preference trees},
  author={Fraser, Niall M},
  booktitle={Proceedings of IEEE Systems Man and Cybernetics Conference},
  pages={132--136},
  year={1993},
  organization={IEEE}
}

@article{schmitt2006complexity,
  title={On the complexity of learning lexicographic strategies},
  author={Schmitt, Michael and Martignon, Laura},
  journal={The Journal of Machine Learning Research},
  volume={7},
  pages={55--83},
  year={2006},
  publisher={JMLR. org}
}

@article{dombi2007learning,
  title={Learning lexicographic orders},
  author={Dombi, J{\'o}zsef and Imreh, Csan{\'a}d and Vincze, N{\'a}ndor},
  journal={European Journal of Operational Research},
  volume={183},
  pages={748--756},
  year={2007}
}

@inproceedings{busa2014pac,
  title={{PAC} rank elicitation through adaptive sampling of stochastic pairwise preferences},
  author={Busa-Fekete, R{\'o}bert and Sz{\"o}r{\'e}nyi, Bal{\'a}zs and H{\"u}llermeier, Eyke},
  booktitle={Proceedings of the Twenty-Eighth AAAI Conference on Artificial Intelligence (AAAI-14)},
  year={2014}
}

@inproceedings{wsh/mpref14/TA,
  author = {Thomas E. Allen and Judy Goldsmith and Nicholas Mattei},
  booktitle = {Proceedings of the 8th Multidisciplinary Workshop on Advances in Preference Handling},
  publisher = {AAAI Press},
  title = {Counting, Ranking, and Randomly Generating {CP}-nets},
  year = 2014
}

@inproceedings{conf/adt13/JG,
  author = {Joshua T. Guerin and Thomas E. Allen and Judy Goldsmith},
  booktitle = {Algorithmic Decision Theory},
  pages = {208-220},
  title = {Learning {CP}-net Preferences Online from User Queries},
  year = 2013
}

@inproceedings{yaman2008democratic,
  title={Democratic approximation of lexicographic preference models},
  author={Yaman, Fusun and Walsh, Thomas J and Littman, Michael L and Desjardins, Marie},
  booktitle={Proceedings of the 25th international conference on Machine learning},
  pages={1200--1207},
  year={2008},
  organization={ACM}
}

@article{brauning2012learning,
  title={Learning Conditional Lexicographic Preference Trees},
  author={Br{\"a}uning, Michael and Eyke, H},
  journal={Preference learning: problems and applications in AI},
  year={2012}
}

@inproceedings{liu2014preference,
  title={Preference Trees: A Language for Representing and Reasoning about Qualitative Preferences},
  author={Liu, Xudong and Truszczynski, Miroslaw},
  booktitle={Workshops at the Twenty-Eighth AAAI Conference on Artificial Intelligence},
  year={2014}
}

@article{lund1994hardness,
  title={On the hardness of approximating minimization problems},
  author={Lund, Carsten and Yannakakis, Mihalis},
  journal={Journal of the ACM (JACM)},
  volume={41},
  number={5},
  pages={960--981},
  year={1994},
  publisher={ACM}
}

@book{1994-papadimitriou
,title={{Computational complexity}}
,author={Christos M. Papadimitriou}
,publisher={Addison-Wesley}
,year={1994}
}

@techreport{toulbar2,
  title={Toulbar2, an open source exact cost function network solver},
  author={Allouche, D and de Givry, S and Schiex, T},
  year={2010},
  institution={Technical report, INRIA}
}

@inproceedings{conf/adt13/LiuT,
  author = {Xudong Liu and Miroslaw Truszczynski},
  booktitle = {Algorithmic Decision Theory},
  pages = {244-258},
  publisher = {Springer},
  title = {Aggregating Conditionally Lexicographic Preferences Using Answer Set Programming Solvers},
  volume = 8176,
  year = 2013
}

@article{Niemela:1999,
 author = {Niemel\"{a}, Ilkka},
 title = {Logic Programs with Stable Model Semantics As a Constraint  Programming Paradigm},
 journal = {Annals of Mathematics and Artificial Intelligence},
 volume = {25},
 year = {1999},
 pages = {241--273}
} 

@inproceedings{de1994penalty,
  title={Penalty logic and its link with Dempster-Shafer theory},
  author={De Saint-Cyr, Florence Dupin and Lang, J{\'e}r{\^o}me and Schiex, Thomas},
  booktitle={Proceedings of the Tenth international conference on Uncertainty in artificial intelligence},
  year={1994}
}

@book{arrowhandbook,
  title={Handbook of Social Choice and Welfare, Vol 1},
  author={Arrow, K.J. and Sen, A. and Suzumura, K.},
  pages={1-633},
  year={2002},
  publisher={Elsevier}
}

@inproceedings{ansotegui2010new,
  title={A New Algorithm for Weighted Partial MaxSAT.},
  author={Ans{\'o}tegui, Carlos and Bonet, Maria Luisa and Levy, Jordi},
  booktitle={AAAI},
  year={2010}
}

@incollection{ansotegui2009solving,
  title={Solving (weighted) partial MaxSAT through satisfiability testing},
  author={Ans{\'o}tegui, Carlos and Bonet, Mar{\'\i}a Luisa and Levy, Jordi},
  booktitle={Theory and Applications of Satisfiability Testing},
  pages={427--440},
  year={2009}
}

@incollection{cohen2004complete,
  title={A complete characterization of complexity for Boolean constraint optimization problems},
  author={Cohen, David and Cooper, Martin and Jeavons, Peter},
  booktitle={Principles and Practice of Constraint Programming},
  pages={212--226},
  year={2004}
}

%%%% Complexity Refs

@book{papado:b:compcomplexity,
	Author = {C.~Papadimitriou},
	Publisher = {Addison-Wesley Publishing Company, Inc.},
	Title = {Computational Complexity},
	Year = {1994}}

@book{gar-joh:b:int,
	Address = {New York},
	Author = {M.~Garey and D.~Johnson},
	Publisher = {W. H. Freeman and Company},
	Title = {Computers and Intractability: A Guide to the Theory of NP-Completeness},
	Year = {1979}}

@book{hem-ogi:b:comptheory,
	author={L.~Hemaspaandra and M.~Ogihara},
	title={The Complexity Theory Companion},
	publisher={Springer-Verlag},
	year={1998}
}

@book{dow-fel:b:parameterized-complexity,
	Author = {R. Downey and M. Fellows},
	Publisher = {Springer-Verlag},
	Title = {Parameterized Complexity},
	Year = {1999}}

@book{flu-gro:b:parameterized-complexity,
	Author = {J. Flum and M. Grohe},
	Publisher = {Springer-Verlag},
	Series = {EATCS Texts in Theoretical Computer Science},
	Title = {Parameterized Complexity Theory},
	Year = {2006}}

@book{sip:b:theoryofcomputation,
	author={M. Sipser},
	title={Introduction to the Theory of Computation},
	publisher={Thomson Course Technology},
	year={2006}
}

@book{Faust:1994,
	Address = {New York},
	Author = {Faust, K. and Wasserman, S.},
	Publisher = {Cambridge University Press},
	Title = {Social Network Analysis: Methods and Applications},
	Year = {1994}}



%%%%%%%%%%%%%%%%%%%%%%%%%%%%%%%%%%%%%%%%%%%%

%%%%%%%%%%%% Game Theory Refs

@book{neu-mor:b:games,
	Author = {J.~von Neumann and J.~Morgenstern},
	Publisher = {Princeton University Press},
	Title = {Theory of Games and Economic Behavior},
	Year = {1944}}

@book{luc-rai:b:gamesanddecisions,
	Author = {R. Duncan Luce and Howard Raiffa},
	Publisher = {Dover Publications},
	Title = {Games and Decisions},
	Year = {1957}}


@book{nisan:b:algogametheory,
	Editor = {N.~Nisan and T.~Roughgarden and E.~Tardos and V.~Vazirani},
	Publisher = {Cambridge University Press},
	Title = {Algorithmic Game Theory},
	Year = {2007}}

%%%%%%%%%%%% Sports Tourney Refs

@article{kern-pau:j:elimproblem,
	Author = {W.~Kern and D.~Paulusma},
	Journal = {Discrete Optimization},
	Pages = {201--214},
	Title = {The computational complexity of the elimination problem in generalized sports competitions},
	Volume = {1},
	Year = {2004}}


@article{gaus-mart:j:sports-elim,
	Author = {D.~Gusfield and C.E.~Martel},
	Journal = {Algorithmica},
	Pages = {73--86},
	Title = {The structure and complexity of sports elimination numbers},
	Volume = {32},
	Year = {2002}}

@phdthesis{paulusma:d:coopgames,
	author={D.~Paulusma},
	title={Complexity Aspects of Cooperative Games},
	school={University of Twente},
	year={2001}}

@inproceedings{russell-walsh:c:manip-cups,
	Author = {T. Russell and T. Walsh},
	Booktitle = ADT09,
	Month = oct,
	Pages = {26--37},
	Publisher = {Springer-Verlag},
	Title = {Manipulating Tournaments in Cup and Round Robin Competitions},
	Year = 2009}

@inproceedings{gonz-perny:c:gainets,
	Author = {C. Gonzales and P. Perny},
	Booktitle = {Proc. of the 9th Int'l Conf. on the Principles of Knolwdge Representation and Reasoning (KR-2004)},
	Month = {June},
	Pages = {224--233},
	Publisher = {AAAI Press},
	Title = {GAI Networks for Utility Elicitation},
	Year = {2004}}

%%%%%%%%%%%%%%% Economic Refs

@Article{shapley:c:power,
author = {L.S. Shapley, and M. Shubik},
title = {A Method for Evaluating the Distribution of Power in a Committee System},
journal = {American Political Science Review},
year = {1954},
volume = {48},
pages = {787-792}
}


@article{bay-kov-dev:j:rig,
  author = {M. Baye and D. Kovenock and C. de Vries},
  title = {Rigging the Lobbying Process: {A}n Application of the All-Pay Auction},
  journal = {The American Economic Review},
  year = {1993},
  volume = {83},
  number = {1},
  pages = {289--294}
}

@article{bay-kov-dev:j:completeinfo,
  author = {M. Baye and D. Kovenock and C. de Vries},
  title = {The All-Pay Auction with Complete Information},
  journal = {Economic Theory},
  year = {1996},
  volume = {8},
  number = {2},
  pages = {291--305}
}

@Article{rei:j:formal-lobby,
author = {J. Reinganum},
title = {A Formal Theory of Lobbying Behaviour},
journal = {Optimal Control Applications and Methods},
year = {1983},
volume = {4},
number = {4},
pages = {71--84}
}


@string{aamas02 = "Proceedings of the 1st International Joint Conference on Autonomous Agents and Multiagent Systems(AAMAS 2002)"}
@inproceedings{san-sur-gil-lev:c:combinatorial-auction-generalizations,
 title = "Winner Determination in Combinatorial Auction Generalizations",
 author = "T.~Sandholm and S.~Suri and A.~Gilpin and D.~Levine",
 year = "2002",
 month = "July",
 booktitle=aamas02,
 pages = "69--76",
 publisher = {ACM Press}
}

@Article{cro:j:eulobby,
author = {C. Crombez},
title = {Information, Lobbying and the Legislative Process in the {E}uropean {U}nion},
journal = {European Union Politics},
year = {2002},
volume = {3},
number = {1},
pages = {7--32}
}

%%%%%%%%%%%%%%%  Poly Sci Refs

@Article{hallwaymanj:buyingtime,
author = {Richard L. Hall and Frank W. Wayman},
title = {Buying Time: Moneyed Interests and the Mobilization of Bias in Congressional Committees},
journal = {American Political Science Review},
year = {1990},
number = {84},
pages = {797--820}
}

@Article{levitt:j:howdosenatorsvote,
author = {Steven Levitt},
title = {How Do Senators Vote? Disentangling the Role of Voter Preferences, Party Affiliation, and Senator Ideology},
journal = {American Economic Review },
year = {1996},
number = {86},
pages = {425--441}
}

@Article{clinton:j:repincongress,
author = {Joshua D. Clinton},
title = {Representation in {C}ongress: Constituents and Roll Calls in the 106th House},
journal = {Journal of Politics},
year = {2006},
number = {68},
pages = {397--409},
month = {May}
}

@Article{clinton:j:statanalysis,
author = {Joshua D. Clinton},
title = {The Statistical Analysis of Roll Call Data},
journal = {American Political Science Review},
year = {2004},
volume={98}
number = {2},
pages = {355--370},
month = {May}
}


@Article{evans:j:beforetherollcall,
author = {Diana Evans},
title = {Before the Roll Call: Interest Group Lobbying and Public Policy Outcomes in House Committees},
journal = {Political Research Quarterly},
year = {1996},
volume = {49},
number = {2},
pages = {287--304}
}

@Misc{votedataset,
 author = {Vote World},
 title = {The International Legislative Roll-Call Voting Website},
 howpublished = "\url{http://voteworld.berkeley.edu/index.html}",
 note= "Last accessed, 11/13/2009"
}

@Misc{lobbyset,
 author = {The Center for Responsive Politics},
 title = {Open Secrets: Money in Politics},
 howpublished = "\url{http://www.opensecrets.org/}",
 note= "Last accessed, 11/13/2009"
}

@book{poo-ros:b:congress,
	Editor = {K. Poole and H. Rosenthal},
	Publisher = {Oxford University Press},
	Title = {Congress: A political-economic history of roll call voting},
	Year = {1997}}

@book{han-kam:b:datamining,
	Editor = {J. Han and M. Kamber},
	Publisher = {Morgan Kaufmann},
	Title = {Data Mining},
	Year = {2006}}

%%%%%%%%%%%%%%% Social Choice Refs
@inproceedings{ede-rab-mat:c:problobby,
	Author = {G. Erd\'{e}lyi and H. Fernau and J. Goldsmith and N. Mattei and D. Raible and J. Rothe},
	Booktitle = ADT09,
	Month = {Oct.},
	Pages = {86--97},
	Publisher = {Springer-Verlag},
	Title = {The Complexity of Probabilistic Lobbying},
	Year = {2009}}

@techreport{ede-rab-mat:tr:problobby,
	Author = {G. Erd\'{e}lyi and H. Fernau and J. Goldsmith and N. Mattei and D. Raible and J. Rothe},
	Institution = {CoRR: Computer Science Research Repository},
	Number = {arXiv:0906.4431},
	Title = {The Complexity of Probabilistic Lobbying},
	Year = {2009}}


@book{arrow:b:handbook,
	editor={K. Arrow and A. Sen and K. Suzumura},
	title={Handbook of Social Choice and Welfare},
	volume={1},
	publisher={North-Holland},
	year={2002}}


%% pull these, we need them:
@article{satt:j:strat-proof,
	Author = {M. Satterthwaite},
	Journal = {Journal of Economic Theory},
	Pages = {187-216},
	Title = {Strategy-proofness and {A}rrow's {C}onditions: Existence and Correspondence Theorems for Voting Procedures and Social Welfare Functions},
	Volume = {10},
	Year = {1975}}

@article{gib:j:maip-scheme,
	Author = {A. Gibbard},
	Journal = {Econometrica},
	Pages = {587-601},
	Title = {Manipulation of Voting Schemes: A General Result},
	Volume = {41},
	Year = {1973}}

@article{dug-sch:j:maipres,
	Author = {J. Duggan and T. Schwartz},
	Journal = {Social Choice and Welfare},
	Pages = {85-93},
	Title = {Strategic manipulability without resoluteness or shared beliefs: Gibbard-Satterthwaite generalized},
	Volume = {17},
	Year = {2000}}

@book{aarrow:b:socialchoice,
	Author = {Kenneth J. Aarrow},
	Publisher = {John Wiley and Sons},
	Title = {Social Choice and Individual Values},
	Year = {1951}}


@Book{taylor:b:manip,
	author = {Alan D. Taylor},
	title = {Social Choice and the Mathmatics of Manipulation},
	publisher = {Cambridge University Press},
	year = {2005}}


@article{bartholdi:j:whowon,
	Author = {J.J. Bartholdi and C.A. Tovey and M. A. Trick},
	Journal = {Social Choice and Welfare},
	Pages = {157-165},
	Title = {Voting Schemes for which It Can Be Difficult to Tell Who Won the Election},
	Volume = {6},
	Year = {1989}}

@article{bartholdi:j:compdiff,
	Author = {J.J. Bartholdi and C.A. Tovey and M. A. Trick},
	Journal = {Social Choice and Welfare},
	Pages = {227-241},
	Title = {The Computational Difficulty of Manipulating an Election},
	Volume = {6},
	Year = {1989}}

@article{bartholdi:j:howhard,
	Author = {J.J. Bartholdi and C.A. Tovey and M. A. Trick},
	Journal = {Mathl. Comput. Modelling (Special Issue on Formal Theories of Politics},
	Pages = {27--40},
	Title = {How hard is it to control an election?},
	Volume = {16},
	number={8/9},
	Year = {1992}}

@phdthesis{fal:d:manipofelections,
	author={P.~Faliszewski},
	title={Manipulation of Elections: Algorithms and Infeasibility Results},
	school={University of Rochester},
	year={2008}}


@article{fal-hem-hem:j:briberyinelections,
	Author = {P. Faliszewski and L. Hemaspaandra and E. Hemaspaandra},
	Journal = {Journal of AI Research},
	Pages = {485-532},
	Title = {How Hard Is Bribery in Elections?},
	Volume = {35},
	Year = {2009}}


@inproceedings{fal-hem-hem-rot:c:llull,
	Author = {P.~Faliszewski and E.~Hemaspaandra and L.~Hemaspaandra and J.~Rothe},
	Booktitle = aaai07,
	Month = jul,
	Pages = {724--730},
	Publisher = {AAAI Press},
	Title = {Llull and {Copeland} Voting Broadly Resist Bribery and Control},
	Year = {2007}}

@article{fal-hem-hem-rot:j:llull-copeland-full-techreport,
	Author = {P.~Faliszewski and E.~Hemaspaandra and L.~Hemaspaandra and J.~Rothe},
	Journal = jair,
	Pages = {275--341},
	Title = {Llull and {Copeland} Voting Computationally Resist Bribery and Constructive Control},
	Volume = {35},
	Year = {2009}}

@inproceedings{fal-hem-hem-rot:c:copeland-fully-resists-constructive-control,
	Author = {P.~Faliszewski and E.~Hemaspaandra and L.~Hemaspaandra and J.~Rothe},
	Booktitle = {Proceedings of the 4th International Conference on Algorithmic Aspects in Information and Management},
	Month = jun,
	Pages = {165--176},
	Publisher = {Springer-Verlag {\it Lecture Notes in Computer Science \#5034}},
	Title = {Copeland Voting Fully Resists Constructive Control},
	Year = {2008}}

@inproceedings{faliszewski:aaamas:08,
	author = {P. Faliszewski  and E. Hemaspaandra and H. Schnoor},
	title = {Copeland voting: ties matter},
	booktitle = aamas08, 
	year = {2008},
	pages = {983--990},
	month={May}}

@incollection{fal-hem-hem-rot:tr:richer,
	Author = {P.~Faliszewski and E.~Hemaspaandra and L.~A.~Hemaspaandra and J.~Rothe},
	Title = {A Richer Understanding of the Complexity of Election Systems},
	Booktitle = {Fundamental Problems in Computing: Essays in Honor of Professor Daniel J. Rosenkrantz},
	Publisher = {Springer},
	Editor = {S. Ravi and S. Shukla},
	Pages = {375 -- 406},
	Year = {2009}}


@Article{chr-fel-ros-sli:j:lobbying,
	author = {R.~Christian and M.~Fellows and F.~Rosamond and A.~Slinko},
	title = {On Complexity of Lobbying in Multiple Referenda},
	journal = {Review of Economic Design},
	year = {2007},
	volume = {11},
	number = {3},
	pages = {217--224}
}



@inproceedings{erd-hem-rot-spa:c:lobbying,
  Author = "G.~Erd\'{e}lyi and L.~Hemaspaandra and J.~Rothe and H.~Spakowski",
  Title = "On Approximating Optimal Weighted Lobbying, and Frequency of Correctness versus Average-Case Polynomial Time",
  Booktitle = fct07,
  Year = "2007",
  Month = aug,
  Publisher = {Springer-Verlag {\it Lecture Notes in Computer Science \#4639}},
  Pages = {300--311}
  }

@techreport{fal:tr:nonuniformbribery,
	author={P.~Faliszewski},
	title={Nonuniform Bribery},
	institution={University of Rochester, Department of Computer Science},
	year={2007},
	number={2007-922}}


@article{con-sand-lang:j:fewcand,
	Author = {V. Conitzer and T. Sandholm and J. Lang},
	Journal = {Journal of the ACM},
	Month = {June},
	Number = {3},
	Pages = {1-33},
	Title = {When are Elections with few Candidates Hard to Manipulate?},
	Volume = {54},
	Year = {2007}}

@string{ijcai07 = "Proc. of the 20th Int. Joint Conf. on Artificial Intelligence (IJCAI 2007)"}
@inproceedings{lang:c:voteagg,
  Author = {J. Lang},
  Title = {Vote and Aggregation in Combinatorial Domains with Structured Preferences},
  Booktitle = ijcai07,
  Year = {2007},
  Month = {January}
}

@inproceedings{hazon:c:evaluation,
	Author = {N. Hazon and Y. Aumann and S. Kraus and M. Wooldridge},
	Booktitle = aamas08,
	Month = {May},
	Title = {Evaluation of Election Outcomes under Uncertainty},
	Year = {2008}}

@inproceedings{hazon:c:howtorig,
	Author = {N. Hazon and P. Dunne and S. Kraus and M. Wooldridge},
	Booktitle = comsoc08,
	Title = {How to Rig Elections and Competitions},
	Year = {2008}
	}

@inproceedings{lang:ijcai:07,
 author = {J. Lang and  M.S. Pini and F. Rossi and K.B. Venable  and T. Walsh},
 title = {Winner determination in sequential majority voting},
 booktitle = {{IJCAI}'07: Proceedings of the 20th {I}nt. {J}oint
{C}onf. on {A}rtifical {I}ntelligence},
 year = {2007},
 pages = {1372--1377},
 }

@inproceedings{xia-con:c:aaai08,
	author={L. Xia and V. Conitzer},
	title={Determining Possible and Necessary Winners under Common Voting Rules},
	booktitle=aaai08,
	pages={196--201},
	publisher={AAAI Press},
	year={2008}
}

@inproceedings{xia:ijcai:09,
 author = {L. Xia and M. Zuckerman and A. Procaccia and V. Conitzer and J. Rosenschein },
 title = {Complexity of unweighted coalitional manipulation under some
common voting rules},
 booktitle = {{IJCAI}'09: {P}roceedings of the 21st {I}nt. {J}oint
{C}onf. on {A}rtifical {I}ntelligence},
 year = {2009},
 pages = {348--353}
}


@inproceedings{kon-lang:c:ijcai05,
 author = {K. Konczak and J. Lang},
 title = {Voting Procedures with Incomplete Preferences},
 booktitle = {{IJCAI}'05: Proceedings of the 19th {I}nt. {J}oint
{C}onf. on Artifical intelligence: Workshop on Advances in Preference Handling},
 year = {2005}
}

@inproceedings{conit-sand:c:aaai02,
	author={V. Conitzer and T. Sandholm},
	title={Complexity of Manipulating Elections with Few Candidates},
	booktitle=aaai02,
	pages={314--319},
	publisher={AAAI Press},
	year={2002}
}

@inproceedings{conit-sand:c:aaai06,
	author={V. Conitzer and T. Sandholm},
	title={Nonexistence of voting rules that are usually hard to manipulate},
	booktitle=aaai06,
	publisher={AAAI Press},
	year={2006}
}

@inproceedings{san-sur-gil-lev:c:combinatorial-auction-generalizations,
	Author = {T.~Sandholm and S.~Suri and A.~Gilpin and D.~Levine},
	Booktitle = aamas02,
	Month = {July},
	Pages = {69--76},
	Publisher = {ACM Press},
	Title = {Winner Determination in Combinatorial Auction Generalizations},
	Year = {2002}}

@article{litt-gold-mud:j:complexityofplanning,
  author={M. Littman and J. Goldsmith and M. Mundhenk},
  title={The Computational Complexity of Probabilistic Planning},
  journal={Journal of AI Research},
  volume={9},
  pages={1--36},
  year={1998}}

@book{ford-fulk:b:flows,
	Author = {L. Ford and D. Fulkerson},
	Publisher = {Princeton University Press},
	Title = {Flows in Networks},
	Year = {1962}}

@book{ahuja-mag-orlin:b:flows,
	Author = {R. Ahuja and T. Magnanti and J. Orlin},
	Publisher = {Prentice Hall},
	Title = {Network Flows: Theory, Algorithms, and Applications},
	Year = {1993}}
	

%%%%%%%%%%%%%%%%%%%%%%%%%%%%%%%%%% Xudong %%%%%%%%%%%%%%%%%%%%%%%%%%%%%%%%%%%%%%%
%%%%%% refs from last year 2012
@INPROCEEDINGS{journals/corr/abs-1109-0456,
  author = {Cosmo, Roberto Di and Lhomme, Olivier and Michel, Claude},
  title = {Aligning component upgrades},
  booktitle = {LoCoCo},
  year = {2011},
  editor = {Drescher, Conrad and Lynce, Inês and Treinen, Ralf},
  volume = {65},
  series = {EPTCS},
  pages = {1-11},
  added-at = {2011-10-17T00:00:00.000+0200},
  biburl = {http://www.bibsonomy.org/bibtex/2e8cdcca0b4005832ac8dac3135486e46/dblp},
  crossref = {journals/corr/abs-1108-6097},
  ee = {http://dx.doi.org/10.4204/EPTCS.65.1},
  interhash = {fc43ed7cb368660850b9d3d7a53e93fc},
  intrahash = {e8cdcca0b4005832ac8dac3135486e46},
  keywords = {dblp},
  timestamp = {2011-10-17T00:00:00.000+0200},
  url = {http://dblp.uni-trier.de/db/series/eptcs/eptcs65.html#abs-1109-0456}
}

@inproceedings{Aschinger:1379323,
  author    = {Markus Aschinger and
               Conrad Drescher and
               Georg Gottlob},
  title     = {Introducing LoCo, a Logic for Configuration Problems},
  booktitle = {LoCoCo},
  year      = {2011},
  pages     = {36-45},
  ee        = {http://dx.doi.org/10.4204/EPTCS.65.4},
  crossref  = {DBLP:journals/corr/abs-1108-6097},
  bibsource = {DBLP, http://dblp.uni-trier.de}
}

@INPROCEEDINGS{bienvenu:from,
  author = {Meghyn Bienvenu and Jérôme Lang and Nic Wilson},
  title = {From Preference Logics to Preference Languages, and Back.},
  booktitle = {KR'10},
  year = {2010},
  pages = {-1--1}
}

@INPROCEEDINGS{Brewka01qualitativechoice,
  author = {Gerhard Brewka and Salem Benferhat and Daniel Le Berre},
  title = {Qualitative Choice Logic},
  booktitle = {Artificial Intelligence},
  year = {2001},
  pages = {2004},
  publisher = {Morgan Kaufmann}
}

@INPROCEEDINGS{Brewka03answerset,
  author = {Gerhard Brewka and Ilkka Niemela and Miroslaw Truszczynski},
  title = {Answer set optimization},
  booktitle = {PROC. IJCAI-03},
  year = {2003},
  pages = {867--872},
  publisher = {Morgan Kaufmann}
}

@INPROCEEDINGS{brewka:prioritized,
  author = {Gerhard Brewka and Ilkka Niemelä and Miroslaw Truszczynski},
  title = {Prioritized Component Systems.},
  booktitle = {AAAI'05},
  year = {2005},
  pages = {596-601}
}

@INPROCEEDINGS{cost-etal-04,
  author = {Coste-Marquis, Sylvie and Lang, J\'er\^ome and Liberatore, Paolo
	and Marquis, Pierre},
  title = {Expressive Power and Succinctness of Propositional Languages for
	Preference Representation},
  booktitle = {Proceedings of the Ninth International Conference on Principles of
	Knowledge Representation and Reasoning (KR 2004)},
  year = {2004},
  pages = {203--212}
}

@ARTICLE{Domshlak20111037,
  author = {Carmel Domshlak and Eyke Hüllermeier and Souhila Kaci and Henri Prade},
  title = {Preferences in AI: An overview},
  journal = {Artificial Intelligence},
  year = {2011},
  volume = {175},
  pages = {1037 - 1052},
  number = {7-8},
  doi = {10.1016/j.artint.2011.03.004},
  issn = {0004-3702},
  keywords = {Preference},
  url = {http://www.sciencedirect.com/science/article/pii/S000437021100049X}
}

@INPROCEEDINGS{327356,
  author = {Dubois, D. and Fargier, H. and Prade, H.},
  title = {The calculus of fuzzy restrictions as a basis for flexible constraint
	satisfaction},
  booktitle = {Fuzzy Systems, 1993., Second IEEE International Conference on},
  year = {1993},
  pages = {1131 -1136 vol.2},
  doi = {10.1109/FUZZY.1993.327356},
  keywords = {arc-based methods;flexible constraint satisfaction;flexible constraints;fuzzy
	constraint satisfaction problems;fuzzy restrictions;path-consistency-based
	methods;possibility distributions;possibility theory;constraint theory;fuzzy
	logic;}
}

@INBOOK{Falkner_Haselbock_2010,
  pages = {1--5},
  title = {Challenges of Knowledge Evolution in Practice},
  year = {2010},
  author = {Falkner, Andreas and Haselböck, Alois},
  number = {1},
  booktitle = {Workshop on Intelligent Engineering Techniques for Knowledge Bases
	IKBET 2010}
}

@INCOLLECTION{springerlink:10.1007/BFb0028188,
  author = {Fargier, Hélène and Lang, Jérôme},
  title = {Uncertainty in constraint satisfaction problems: A probabilistic
	approach},
  booktitle = {Symbolic and Quantitative Approaches to Reasoning and Uncertainty},
  publisher = {Springer Berlin / Heidelberg},
  year = {1993},
  editor = {Clarke, Michael and Kruse, Rudolf and Moral, Serafín},
  volume = {747},
  series = {Lecture Notes in Computer Science},
  pages = {97-104},
  note = {10.1007/BFb0028188},
  affiliation = {Université Paul Sabatier Institut de Recherche en Informatique de
	Toulouse (I.R.I.T.) - C.N.R.S. 118 route de Narbonne 31062 Toulouse
	Cedex France 118 route de Narbonne 31062 Toulouse Cedex France},
  isbn = {978-3-540-57395-1},
  keyword = {Computer Science},
  url = {http://dx.doi.org/10.1007/BFb0028188}
}

@INPROCEEDINGS{Felfernig04consistency-baseddiagnosis,
  author = {Alexander Felfernig and Er Felfernig A and Gerhard Friedrich and
	Markus Stumptner and Dietmar Jannach},
  title = {Consistency-based diagnosis of configuration knowledge bases},
  booktitle = {Development. Cambridge Mass: Harvard University Press Goddard},
  year = {2004},
  publisher = {Prentice Hall}
}

@ARTICLE{finkel11,
  author = {Finkel, Raphael and O{\textquoteright}Sullivan, Barry},
  title = {Reasoning about conditional constraint specification problems and
	feature models},
  journal = {AI EDAM-ARTIFICIAL INTELLIGENCE FOR ENGINEERING DESIGN ANALYSIS AND
	MANUFACTURING},
  year = {2011},
  volume = {25},
  number = {{2}},
  chapter = {163-174},
  doi = {10.1017/S0890060410000600},
  issn = {0890-0604},
  publisher = {{CAMBRIDGE UNIV PRESS}}
}

@ARTICLE{Friedrich:1379322,
  author = {Friedrich, Gerhard and Ryabokon, Anna and Falkner, Andreas A and
	Haselböck, Alois and Schenner, Gottfried and Schreiner, Herwig},
  title = {(Re)configuration based on model generation},
  year = {2011},
  month = {Sep}
}

@ARTICLE{Gebser:1379321,
  author = {Gebser, Martin and Kaminski, Roland and Schaub, Torsten},
  title = {aspcud: A Linux Package Configuration Tool Based on Answer Set Programming},
  year = {2011},
  month = {Sep}
}

@INPROCEEDINGS{gel88,
  author = {Michael Gelfond and Vladimir Lifschitz},
  title = {The Stable Model Semantics for Logic Programming},
  booktitle = {Proceedings of International Logic Programming Conference and Symposium},
  year = {1988},
  editor = {Kowalski, Robert and Bowen and Kenneth},
  pages = {1070-1080},
  publisher = {MIT Press},
  url = {http://www.cs.utexas.edu/users/ai-lab/pub-view.php?PubID=961}
}

@ARTICLE{Gelfond91classicalnegation,
  author = {Michael Gelfond and Vladimir Lifschitz},
  title = {Classical Negation in Logic Programs and Disjunctive Databases},
  journal = {New Generation Computing},
  year = {1991},
  volume = {9},
  pages = {365--385}
}

@MISC{aspataglance,
  author = {Gerhard Brewka, Thomas Eiter, and Miroslaw Truszczynski},
  title = {Answer Set Programming at a Glance},
  owner = {isaswing},
  timestamp = {2011.11.04}
}

@ARTICLE{3108,
  author = {Jael Kriener and Andy King},
  title = {Red{A}lert: {D}eterminacy {I}nference for {P}rolog},
  journal = {Theory and Practice of Logic Programming},
  year = {2011},
  volume = {11},
  pages = {537-553},
  number = {4-5},
  month = {July},
  keywords = {abstract interpretation, backwards analysis, boolean formulae, constraints,
	cut, determinacy inference, Prolog},
  publication_type = {article},
  publisher = {Cambridge University Press},
  submission_id = {18724_1304501874},
  url = {http://www.cs.kent.ac.uk/pubs/2011/3108}
}

@MISC{Manhart2005,
  author = {Peter Manhart},
  title = {Reconfiguration - A problem in search of solutions},
  howpublished = {IJCAI'05 Configuration Workshop},
  year = {2005},
  owner = {isaswing},
  timestamp = {2011.11.04}
}

@TECHREPORT{Mannisto99frameworkand,
  author = {Tomi Männistö and Timo Soininen and Juha Tiihonen and Reijo Sulonen},
  title = {Framework and Conceptual Model for Reconfiguration},
  institution = {AAAI Workshop on Configuration, AAAI Press},
  year = {1999}
}

@INPROCEEDINGS{pearl:system,
  author = {Judea Pearl},
  title = {System Z: A Natural Ordering of Defaults with Tractable Applications
	to Nonmonotonic Reasoning.},
  booktitle = {TARK'90},
  year = {1990},
  pages = {121-135}
}

@MISC{Reiter87atheory,
  author = {Raymond Reiter},
  title = { A Theory of Diagnosis from First Principles},
  year = {1987}
}

@MISC{Rossi_preferencesin,
  author = {Francesca Rossi and K. Brent Venable and Toby Walsh},
  title = {Preferences in constraint satisfaction and optimization}
}

@INPROCEEDINGS{343640,
  author = {Ruttkay, Z.},
  title = {Fuzzy constraint satisfaction},
  booktitle = {Fuzzy Systems, 1994. IEEE World Congress on Computational Intelligence.,
	Proceedings of the Third IEEE Conference on},
  year = {1994},
  pages = {1263 -1268 vol.2},
  month = {jun},
  doi = {10.1109/FUZZY.1994.343640},
  keywords = { branch-and-bound search; fuzzy constraint satisfaction; fuzzy set
	theory; heuristics; soft constraint; constraint theory; fuzzy set
	theory; optimisation; search problems;}
}

@INPROCEEDINGS{Soininen99developinga,
  author = {Timo Soininen and Ilkka Niemelä},
  title = {Developing a Declarative Rule Language for Applications in Product
	Configuration},
  booktitle = {In Proceedings of the First International Workshop on Practical Aspects
	of Declarative Languages},
  year = {1999},
  pages = {305--319},
  publisher = {Springer-Verlag}
}

@MISC{Bisterelli,
  author = {Stefano Bisterelli, Giorgio Gosti, and Francesco Santini},
  title = {Solving Fuzzy DCSPs with Naming Games},
  owner = {isaswing},
  timestamp = {2011.11.04}
}

@INPROCEEDINGS{Stumptner98model-basedreconfiguration,
  author = {Markus Stumptner and Franz Wotawa},
  title = {Model-Based Reconfiguration},
  booktitle = {In Proceedings Artificial Intelligence in Design},
  year = {1998},
  pages = {45--64},
  publisher = {Kluwer Academic Publishers}
}

@INPROCEEDINGS{Wellman91preferentialsemantics,
  author = {Michael P. Wellman and Jon Doyle},
  title = {Preferential Semantics for Goals},
  booktitle = {In Proceedings of the National Conference on Artificial Intelligence},
  year = {1991},
  pages = {698--703}
}

% 4 more papers on CP/TCP-nets read by Xudong
% the first two were presented

@ARTICLE{Wilson:2011:CTS:1969859.1969966,
  author = {Wilson, Nic},
  title = {Computational techniques for a simple theory of conditional preferences},
  journal = {Artif. Intell.},
  year = {2011},
  volume = {175},
  pages = {1053--1091},
  month = {May},
  acmid = {1969966},
  address = {Essex, UK},
  doi = {http://dx.doi.org/10.1016/j.artint.2010.11.018},
  issn = {0004-3702},
  issue = {7-8},
  issue_date = {May, 2011},
  keywords = {CP-nets, Ceteris paribus preferences, Comparative preferences, Conditional
	preferences, Constrained optimisation, Lexicographic preferences,
	TCP-nets},
  numpages = {39},
  publisher = {Elsevier Science Publishers Ltd.},
  url = {http://dx.doi.org/10.1016/j.artint.2010.11.018}
}

@INPROCEEDINGS{Wilson04extendingcp-nets,
    author = {Nic Wilson},
    title = {Extending CP-Nets with Stronger Conditional Preference Statements},
    booktitle = {in Proceedings of AAAI-04},
    year = {2004},
    pages = {735--741}
}

@inproceedings{WilsonECAI04,
  author    = {Nic Wilson},
  title     = {Consistency and Constrained Optimisation for Conditional
               Preferences},
  booktitle = {ECAI},
  year      = {2004},
  pages     = {888-894}
}

@inproceedings{Wilson:2006:EUA:1567016.1567119,
 author = {Wilson, Nic},
 title = {An Efficient Upper Approximation for Conditional Preference},
 booktitle = {Proceedings of the 2006 conference on ECAI 2006: 17th European Conference on Artificial Intelligence August 29 -- September 1, 2006, Riva del Garda, Italy},
 year = {2006},
 isbn = {1-58603-642-4},
 pages = {472--476},
 numpages = {5},
 url = {http://dl.acm.org/citation.cfm?id=1567016.1567119},
 acmid = {1567119},
 publisher = {IOS Press},
 address = {Amsterdam, The Netherlands, The Netherlands}
} 

@MISC{_transformationof,
    author = {Markus Endres and Werner Kiebling},
    title = {Transformation of TCP-Net Queries into Preference Database Queries},
    year = {},
    address = {University of Augsburg, Germany}
}

%%%%%%%%%%%%%%% ADT paper references

@INPROCEEDINGS{Goldsmith,
    author = {Judy Goldsmith and Jérôme Lang and Miroslaw Truszczyński and Nic Wilson},
    title = {The computational complexity of dominance and consistency in CP-nets},
    booktitle = {In Proceedings of IJCAI-05},
    year = {2005},
    pages = {144--149}
}

@inproceedings{lang,
  author    = {J{\'e}r{\^o}me Lang and
               J{\'e}r{\^o}me Mengin and
               Lirong Xia},
  title     = {Aggregating Conditionally Lexicographic Preferences on Multi-issue
               Domains},
  booktitle = {CP},
  year      = {2012},
  pages     = {973-987},
  ee        = {http://dx.doi.org/10.1007/978-3-642-33558-7_69},
  bibsource = {DBLP, http://dblp.uni-trier.de}
}

@inproceedings{Lang:Learn_CP,
  author    = {J{\'e}r{\^o}me Lang and
               J{\'e}r{\^o}me Mengin},
  title     = {The Complexity of Learning Separable ceteris paribus Preferences},
  booktitle = {IJCAI},
  year      = {2009},
  pages     = {848-853},
  ee        = {http://ijcai.org/papers09/Papers/IJCAI09-145.pdf},
  bibsource = {DBLP, http://dblp.uni-trier.de}
}

@inproceedings{BrafmanD02:TCP,
  author    = {Ronen I. Brafman and
               Carmel Domshlak},
  title     = {Introducing Variable Importance Tradeoffs into CP-Nets},
  booktitle = {UAI},
  year      = {2002},
  pages     = {69-76},
  ee        = {http://uai.sis.pitt.edu/displayArticleDetails.jsp?mmnu=1{\&}smnu=2{\&}article_id=846{\&}proceeding_id=18},
  bibsource = {DBLP, http://dblp.uni-trier.de}
}

@inproceedings{Xia:SMV,
  author    = {Lirong Xia and
               Vincent Conitzer},
  title     = {Approximating Common Voting Rules by Sequential Voting in
               Multi-Issue Domains},
  booktitle = {ISAIM},
  year      = {2012},
  ee        = {http://www.cs.uic.edu/pub/Isaim2012/WebPreferences/ISAIM2012_ComSoc_Conitzer_Xia.pdf},
  bibsource = {DBLP, http://dblp.uni-trier.de}
}

@article{ Domshlak,
  author = {Carmel Domshlak and Steven David Prestwich and Francesca Rossi and Kristen Brent Venable and Toby Walsh},
  title = {Hard and soft constraints for reasoning about qualitative conditional preferences},
  journal = {J. Heuristics},
  pages = {263-285},
  volume = {12},
  number = {4-5},
  ee = {http://dx.doi.org/10.1007/s10732-006-7071-x},
  year = {2006}
}

@book{Lewis:Comput,
 author = {Lewis, Harry R. and Papadimitriou, Christos H.},
 title = {Elements of the Theory of Computation},
 year = {1997},
 isbn = {0132624788},
 edition = {2nd},
 publisher = {Prentice Hall PTR},
 address = {Upper Saddle River, NJ, USA}
} 

@book{Arora:Comput,
  author    = {Sanjeev Arora and
               Boaz Barak},
  title     = {Computational Complexity - A Modern Approach},
  publisher = {Cambridge University Press},
  year      = {2009},
  isbn      = {978-0-521-42426-4},
  pages     = {I-XXIV, 1-579},
  ee        = {http://www.cambridge.org/catalogue/catalogue.asp?isbn=9780521424264},
  bibsource = {DBLP, http://dblp.uni-trier.de}
}

@inproceedings{Brewka04,
  author    = {Gerhard Brewka},
  title     = {Complex Preferences for Answer Set Optimization},
  booktitle = {KR},
  year      = {2004},
  pages     = {213-223},
  ee        = {http://www.aaai.org/Library/KR/2004/kr04-024.php},
  bibsource = {DBLP, http://dblp.uni-trier.de}
}

@inproceedings{Faber:QOP,
  author    = {Wolfgang Faber and
               Miroslaw Truszczynski and
               Stefan Woltran},
  title     = {Strong Equivalence of Qualitative Optimization Problems},
  booktitle = {KR},
  year      = {2012},
  ee        = {http://www.aaai.org/ocs/index.php/KR/KR12/paper/view/4518},
  bibsource = {DBLP, http://dblp.uni-trier.de}
}

@inproceedings{Faber:APF,
  author    = {Wolfgang Faber and
               Miroslaw Truszczynski and
               Stefan Woltran},
  title     = {Abstract Preference Frameworks - a Unifying Perspective
               on Separability and Strong Equivalence},
  booktitle = {AAAI},
  year      = {2013},
  ee        = {http://www.aaai.org/ocs/index.php/AAAI/AAAI13/paper/view/6294},
  bibsource = {DBLP, http://dblp.uni-trier.de}
}

@article{Son:plan_pref,
  author    = {Tran Cao Son and
               Enrico Pontelli},
  title     = {Planning with preferences using logic programming},
  journal   = {TPLP},
  volume    = {6},
  number    = {5},
  year      = {2006},
  pages     = {559-607},
  ee        = {http://dx.doi.org/10.1017/S1471068406002717},
  bibsource = {DBLP, http://dblp.uni-trier.de}
}

@INPROCEEDINGS{LIP61766,
author = {Gonzales, Christophe and Perny, Patrice},
x-lip6teams = {DECISION},
x-lip6id = {1766},
x-international-audience = {yes},
title = {{GAI} {N}etworks for {U}tility {E}licitation},
booktitle = {{P}roceedings of the 9th {I}nternational {C}onference on the {P}rinciples of {K}nowledge {R}epresentation and {R}easoning},
year = {2004},
pages = {224-234},
note = {INT LIP6 DECISION},
 url = {http://www-desir.lip6.fr/~gonzales/research/publications/kr04.pdf}
}

@inproceedings{EngelW06,
  author = {Engel, Yagil and Wellman, Michael P.},
  booktitle = {AAAI},
  keywords = {dblp},
  pages = {1137-1142},
  publisher = {AAAI Press},
  title = {CUI Networks: A Graphical Representation for Conditional Utility Independence.},
  year = {2006}
}

@inproceedings{BacchusG95,
  author = {Bacchus, Fahiem and Grove, Adam J.},
  booktitle = {UAI},
  editor = {Besnard, Philippe and Hanks, Steve},
  isbn = {1-55860-385-9},
  keywords = {dblp},
  pages = {3-10},
  publisher = {Morgan Kaufmann},
  title = {Graphical models for preference and utility.},
  year = {1995}
}

@article{Mura2013,
  author = {Mura, Pierfrancesco La and Shoham, Yoav},
  journal = {CoRR},
  keywords = {dblp},
  title = {Expected Utility Networks},
  volume = {abs/1301.6714},
  year = {2013}
}

@book{Brandt:COMSOC,
	Author = {Felix Brandt and Vincent Conitzer and and Ulle Endriss.},
	Publisher = {MIT Press.},
	Title = {Computational social choice.},
	Year = {2012}
}

@misc{ wiki:soc,
  author = "Wikipedia",
  title = "Social choice theory",
  year = "2013",
  url = "\url{http://en.wikipedia.org/wiki/Social_choice_theory}"
}

@ARTICLE{May52,
  author = {May, K.O.},
  title = {{A Set of Independent Necessary and Sufficient Conditions for Simple
	Majority Decision}},
  journal = {Econometrica},
  year = {1952},
  volume = {20},
  pages = {680--684},
  number = {4},
  publisher = {JSTOR}
}

@ARTICLE{Sen,
title = {The Impossibility of a Paretian Liberal: Reply},
author = {Sen, Amartya},
year = {1971},
journal = {Journal of Political Economy},
volume = {79},
number = {6},
pages = {1406-07}
}

@ARTICLE{Mull_Satt,
title = {he equivalence of strong positive association and strategy-proofness},
author = {E. Muller and M. Satterthwaite},
year = {1977},
journal = {Journal of Economic Theory},
volume = {14},
number = {2},
pages = {412-418}
}

@BOOK{BraFis,
  title = {Approval Voting},
  publisher = {Springer-Verlag},
  year = {2007},
  author = {Steven J. Brams and Peter C. Fishburn}
}

@BOOK{Fis,
  title = {The Theory of Social Choice},
  publisher = {Princeton University Press},
  year = {1973},
  author = {Peter C. Fishburn}
}

@BOOK{Moul,
  title = {Axioms of Cooperative Decision Making},
  publisher = {Cambridge University Press},
  year = {1988},
  author = {H. Moulin}
}

@article{Sprumont,
  title={The division problem with single-peaked preferences: a characterization of the uniform allocation rule},
  author={Sprumont, Yves},
  journal={Econometrica},
  volume={59},
  number={2},
  pages={509--519},
  year={1991},
  publisher={JSTOR}
}

@article{Bartholdi:STV,
  title={Single transferable vote resists strategic voting},
  author={Bartholdi III, John J and Orlin, James B},
  journal={Social Choice and Welfare},
  volume={8},
  number={4},
  pages={341--354},
  year={1991},
  publisher={Springer}
}

@INPROCEEDINGS{Faliszewski:Copeland,
    author = {Piotr Faliszewski and Edith Hemaspaandra and Henning Schnoor},
    title = {Manipulation of Copeland elections},
    booktitle = {In AAMAS-10},
    year = {2010},
    pages = {367--374}
}

@inproceedings{xia2009complexity,
  title={Complexity of Unweighted Coalitional Manipulation under Some Common Voting Rules.},
  author={Xia, Lirong and Zuckerman, Michael and Procaccia, Ariel D and Conitzer, Vincent and Rosenschein, Jeffrey S},
  booktitle={IJCAI},
  volume={9},
  pages={348--352},
  year={2009}
}

@inproceedings{betzler2011unweighted,
  title={Unweighted coalitional manipulation under the Borda rule is NP-hard},
  author={Betzler, Nadja and Niedermeier, Rolf and Woeginger, Gerhard J},
  booktitle={Proceedings of the Twenty-Second international joint conference on Artificial Intelligence-Volume Volume One},
  pages={55--60},
  year={2011},
  organization={AAAI Press}
}

@inproceedings{davies2011complexity,
  title={Complexity of and Algorithms for Borda Manipulation.},
  author={Davies, Jessica and Katsirelos, George and Narodytska, Nina and Walsh, Toby},
  booktitle={AAAI},
  volume={11},
  pages={657--662},
  year={2011}
}

@article{gasarch2002p,
  title={The {P} =? {NP} poll},
  author={Gasarch, William I},
  journal={Sigact News},
  volume={33},
  number={2},
  pages={34--47},
  year={2002}
}

@INPROCEEDINGS{Lang:learn_pref,
    author = {Mengin, J{\'e}r{\^o}me and Lang, J{\'e}r{\^o}me},
    title = {Learning preference relations over combinatorial domains},
    booktitle = {In NMR’08},
    year = {2008}
}

@incollection{Furnkranz:pref_learning,
  title={Preference learning: An introduction},
  author={F{\"u}rnkranz, Johannes and H{\"u}llermeier, Eyke},
  booktitle={Preference Learning},
  pages={1--17},
  year={2011},
  publisher={Springer}
}

@inproceedings{Brewka:PCS,
  author    = {Gerhard Brewka and
               Ilkka Niemel{\"a} and
               Miroslaw Truszczynski},
  title     = {Prioritized Component Systems},
  booktitle = {AAAI},
  year      = {2005},
  pages     = {596-601},
}

@inproceedings{Lang:complexity,
  title={The Complexity of Learning Separable ceteris paribus Preferences.},
  author={Lang, J{\'e}r{\^o}me and Mengin, J{\'e}r{\^o}me},
  booktitle={IJCAI},
  pages={848--853},
  year={2009}
}

@inproceedings{Dimopoulos:ceteris,
  title={Ceteris Paribus Preference Elicitation with Predictive Guarantees.},
  author={Dimopoulos, Yannis and Michael, Loizos and Athienitou, Fani},
  booktitle={IJCAI},
  volume={9},
  pages={1--6},
  year={2009}
}

@inproceedings{Koriche:learning,
  title={Learning Conditional Preference Networks with Queries.},
  author={Koriche, Fr{\'e}d{\'e}ric and Zanuttini, Bruno},
  booktitle={IJCAI},
  volume={9},
  pages={1930--1935},
  year={2009}
}
